@article{doi:10.1080/17461391.2016.1249524,
author = {Mark Burnley and Andrew M. Jones},
title = {Powerâ€“duration relationship: Physiology, fatigue, and the limits of human performance},
journal = {European Journal of Sport Science},
volume = {18},
number = {1},
pages = {1-12},
year  = {2018},
publisher = {Routledge},
doi = {10.1080/17461391.2016.1249524},
    note ={PMID: 27806677},

URL = { 
        https://doi.org/10.1080/17461391.2016.1249524
    
},
eprint = { 
        https://doi.org/10.1080/17461391.2016.1249524
    
}

}

@article{leo2021power,
  title={Power profiling and the power-duration relationship in cycling: a narrative review},
  author={Leo, Peter and Spragg, James and Podlogar, Tim and Lawley, Justin S and Mujika, I{\~n}igo},
  journal={European journal of applied physiology},
  pages={1--16},
  year={2021},
  publisher={Springer}
}

@article{zignoli2020prediction,
  title={Prediction of pacing and cornering strategies during cycling individual time trials with optimal control},
  author={Zignoli, Andrea and Biral, Francesco},
  journal={Sports Engineering},
  volume={23},
  number={1},
  pages={1--12},
  year={2020},
  publisher={Springer}
}

@inproceedings{poco2017reverse,
  title={Reverse-engineering visualizations: Recovering visual encodings from chart images},
  author={Poco, Jorge and Heer, Jeffrey},
  booktitle={Computer Graphics Forum},
  volume={36},
  number={3},
  pages={353--363},
  year={2017},
  organization={Wiley Online Library}
}